@book{game-patterns,
 author = {Nystrom, Robert},
 title = {Game Programming Patterns},
 month = September,
 year = {2014},
 source = {http://http://gameprogrammingpatterns.com/},
}

@book{game2-patterns,
 author = {Nystrom, Robert},
 title = {Game Programming Patterns},
 month = September,
 year = {2014},
 source = {http://http://gameprogrammingpatterns.com/},
}